@misc{Wiki:WE,
    title = {Wikipedia: Word Embeddings},
    howpublished = {\url{http://en.wikipedia.org/wiki/Word_embedding}},
    note = {Accessed: 2015-01-13}
}

@inproceedings{Marcu-99,
    author = {Daniel Marcu and Magdalena Romera and Estibaliz Amorrortu},
    title = {Experiments in Constructing a Corpus of Discourse Trees:
                  Problems, Annotation Choices, Issues},
    booktitle = {University of Maryland},
    year = {1999},
    pages = {48--57}
}

@article{Nguyen-14,
  author    = {Viet Cuong Nguyen and Nan Ye and Wee Sun Lee and Hai
                  Leong Chieu},
  title     = {Conditional random field with high-order dependencies
                  for sequence labeling and segmentation},
  journal   = {Journal of Machine Learning Research},
  volume    = {15},
  number    = {1},
  pages     = {981--1009},
  year      = {2014},
  url       = {http://dl.acm.org/citation.cfm?id=2638567},
  timestamp = {Sat, 28 Jun 2014 16:32:12 +0200},
  biburl    = {http://dblp.uni-trier.de/rec/bib/journals/jmlr/NguyenYLC14},
  bibsource = {dblp computer science bibliography, http://dblp.org}
}

