@article{Wiebe-94,
  author    = {Wiebe, Janyce},
  title     = {Tracking Point of View in Narrative},
  journal   = {Computational Linguistics},
  volume    = {20},
  number    = {2},
  year      = {1994},
  pages     = {233-287},
  bibsource = {DBLP, http://dblp.uni-trier.de}
}

@inproceedings{Wiebe-99,
  author    = {Wiebe, Janyce and Bruce, Rebecca F. and O'Hara, Thomas P.},
  title     = {Development and Use of a Gold-Standard Data Set for
                  Subjectivity Classifications},
  booktitle = {ACL},
  year      = {1999},
  ee        = {http://www.aclweb.org/anthology/P99-1032},
  crossref  = {DBLP:conf/acl/1999},
  bibsource = {DBLP, http://dblp.uni-trier.de}
}

@article{Bruce-99,
  author    = {Bruce, Rebecca F. and Wiebe, Janyce},
  title     = {Recognizing subjectivity: a case study in manual tagging},
  journal   = {Natural Language Engineering},
  volume    = {5},
  number    = {2},
  year      = {1999},
  pages     = {187-205},
  ee        = {http://journals.cambridge.org/action/displayAbstract?aid=48503},
  bibsource = {DBLP, http://dblp.uni-trier.de}
}

@inproceedings{DChen-01,
  author    = {Das, Sanjiv and Chen, Mike},
  biburl    = {http://www.bibsonomy.org/bibtex/25dc3fbec9f02d1d18652ef42deb70e7f/huiyangsfsu},
  booktitle = {In Asia Pacific Finance Association Annual Conf. (APFA)},
  timestamp = {2010-11-01T01:12:27.000+0100},
  title     = {Yahoo! for Amazon: Extracting market sentiment from stock
                  message boards },
  year      = 2001
}


@inproceedings{Pang-02,
  author    = {Bo Pang and Lillian Lee and Shivakumar Vaithyanathan},
  title     = {Thumbs up?  Sentiment Classification using Machine Learning Techniques},
  booktitle = {Proceedings of the 2002 Conference on Empirical Methods in
                  Natural Language Processing ({EMNLP})},
  year      = 2002
}

@inproceedings{HuLiu-04,
  author    = {Hu, Minqing and Liu, Bing},
  title     = {Mining and Summarizing Customer Reviews},
  booktitle = {Proceedings of the Tenth ACM SIGKDD International
                  Conference on Knowledge Discovery and Data Mining},
  series    = {KDD '04},
  year      = {2004},
  isbn      = {1-58113-888-1},
  location  = {Seattle, WA, USA},
  pages     = {168--177},
  numpages  = {10},
  url       = {http://doi.acm.org/10.1145/1014052.1014073},
  doi       = {10.1145/1014052.1014073},
  acmid     = {1014073},
  publisher = {ACM},
  address   = {New York, NY, USA},
  keywords  = {reviews, sentiment classification, summarization, text mining},
}

@article{Wiebe-05,
  author    = {Janyce Wiebe and Theresa Wilson and Claire Cardie},
  title     = {Annotating Expressions of Opinions and Emotions in Language},
  journal   = {Language Resources and Evaluation},
  volume    = {39},
  number    = {2-3},
  year      = {2005},
  pages     = {165-210},
  ee        = {http://dx.doi.org/10.1007/s10579-005-7880-9},
  bibsource = {DBLP, http://dblp.uni-trier.de}
}

@inproceedings{Breck-07,
  author    = {Eric Breck and Yejin Choi and Claire Cardie},
  title     = {Identifying Expressions of Opinion in Context},
  booktitle = {IJCAI},
  year      = {2007},
  pages     = {2683-2688},
  ee        = {http://dli.iiit.ac.in/ijcai/IJCAI-2007/PDF/IJCAI07-431.pdf},
  crossref  = {DBLP:conf/ijcai/2007},
  bibsource = {DBLP, http://dblp.uni-trier.de}
}

@article{Pang-07,
  author    = {Bo Pang and Lillian Lee},
  title     = {Opinion Mining and Sentiment Analysis},
  journal   = {Foundations and Trends in Information Retrieval},
  volume    = {2},
  number    = {1-2},
  year      = {2007},
  pages     = {1-135},
  ee        = {http://dx.doi.org/10.1561/1500000011},
  bibsource = {DBLP, http://dblp.uni-trier.de}
}

@inproceedings{Clematide-10,
  author    = {Clematide, Simon and Klenner, Manfred},
  title     = {Evaluation and extension of a polarity lexicon for
                  German},
  booktitle = {Workshop on Computational Approaches to Subjectivity
                  and Sentiment Analysis (WASSA)},
  year      = {2010},
  pages     = {7-13}
}

@inproceedings{Johansson-10,
  author    = {Richard Johansson and Alessandro Moschitti},
  title     = {Reranking Models in Fine-grained Opinion Analysis},
  booktitle = {COLING},
  year      = {2010},
  pages     = {519-527},
  ee        = {http://aclweb.org/anthology/C10-1059},
  crossref  = {DBLP:conf/coling/2010},
  bibsource = {DBLP, http://dblp.uni-trier.de}
}

@inproceedings{Remus-10,
  author    = {Robert Remus and Uwe Quasthoff and Gerhard Heyer},
  title     = {SentiWS - A Publicly Available German-language Resource
                  for Sentiment Analysis},
  booktitle = {LREC},
  year      = {2010},
  ee        =
                  {http://www.lrec-conf.org/proceedings/lrec2010/summaries/490.html},
  crossref  = {DBLP:conf/lrec/2010},
  bibsource = {DBLP, http://dblp.uni-trier.de}
}

@inproceedings{Waltinger-10,
  author    = {Ulli Waltinger},
  title     = {GermanPolarityClues: A Lexical Resource for German
                  Sentiment Analysis},
  booktitle = {LREC},
  year      = {2010},
  ee        =
                  {http://www.lrec-conf.org/proceedings/lrec2010/summaries/91.html},
  crossref  = {DBLP:conf/lrec/2010},
  bibsource = {DBLP, http://dblp.uni-trier.de}
}

@article{Taboada-11,
  author    = {Maite Taboada and Julian Brooke and Milan Tofiloski and
                  Kimberly D. Voll and Manfred Stede},
  title     = {Lexicon-Based Methods for Sentiment Analysis},
  journal   = {Computational Linguistics},
  volume    = {37},
  number    = {2},
  year      = {2011},
  pages     = {267-307},
  ee        = {http://dx.doi.org/10.1162/COLI_a_00049},
  bibsource = {DBLP, http://dblp.uni-trier.de}
}

@inproceedings{Clematide-12,
  author    = {Clematide, Simon and Gindl, Stefan and Klenner, Manfred
                  and Petrakis, Stefanos and Remus, Robert and
                  Ruppenhofer, Josef and Waltinger, Ulli and Wiegand,
                  Michael},
  title     = {{MLSA} - {A} {M}ulti-layered {R}eference {C}orpus for
                  {G}erman {S}entiment {A}nalysis},
  booktitle = {LREC},
  year      = {2012},
  pages     = {3551-3556},
  ee        =
                  {http://www.lrec-conf.org/proceedings/lrec2012/summaries/125.html},
  crossref  = {DBLP:conf/lrec/2012},
  bibsource = {DBLP, http://dblp.uni-trier.de}
}

@book{Liu-12,
  author    = {Liu, Bing},
  title     = {Sentiment Analysis and Opinion Mining},
  publisher = {Morgan {\&} Claypool Publishers},
  series    = {Synthesis Lectures on Human Language Technologies},
  year      = {2012},
  ee        = {http://dx.doi.org/10.2200/S00416ED1V01Y201204HLT016},
  bibsource = {DBLP, http://dblp.uni-trier.de}
}

@Comment `Proceedings'
@proceedings{DBLP:conf/acl/1999,
  editor    = {Robert Dale and Kenneth Ward Church},
  title     = {27th Annual Meeting of the Association for
                  Computational Linguistics, Univeristy of Maryland,
                  College Park, Maryland, USA, 20-26 June 1999},
  booktitle = {ACL},
  publisher = {ACL},
  year      = {1999},
  isbn      = {1-55860-609-2},
  ee        = {http://aclweb.org/anthology-new/P/P99/},
  bibsource = {DBLP, http://dblp.uni-trier.de}
}

@proceedings{DBLP:conf/lrec/2010,
  editor    = {Nicoletta Calzolari and Khalid Choukri and Bente
                  Maegaard and Joseph Mariani and Jan Odijk and
                  Stelios Piperidis and Mike Rosner and Daniel Tapias},
  title     = {Proceedings of the International Conference on Language
                  Resources and Evaluation, LREC 2010, 17-23 May 2010,
                  Valletta, Malta},
  booktitle = {LREC},
  publisher = {European Language Resources Association},
  year      = {2010},
  isbn      = {2-9517408-6-7},
  ee        =
                  {http://www.lrec-conf.org/proceedings/lrec2010/index.html},
  bibsource = {DBLP, http://dblp.uni-trier.de}
}

@proceedings{DBLP:conf/lrec/2012,
  editor    = {Nicoletta Calzolari and Khalid Choukri and Thierry
                  Declerck and Mehmet Ugur Dogan and Bente Maegaard
                  and Joseph Mariani and Jan Odijk and Stelios
                  Piperidis},
  title     = {Proceedings of the Eighth International Conference on
                  Language Resources and Evaluation (LREC-2012),
                  Istanbul, Turkey, May 23-25, 2012},
  booktitle = {LREC},
  publisher = {European Language Resources Association (ELRA)},
  year      = {2012},
  isbn      = {978-2-9517408-7-7},
  bibsource = {DBLP, http://dblp.uni-trier.de}
}

@proceedings{DBLP:conf/ijcai/2007,
  editor    = {Manuela M. Veloso},
  title     = {IJCAI 2007, Proceedings of the 20th International Joint
               Conference on Artificial Intelligence, Hyderabad, India,
               January 6-12, 2007},
  booktitle = {IJCAI},
  year      = {2007},
  bibsource = {DBLP, http://dblp.uni-trier.de}
}

@proceedings{DBLP:conf/coling/2010,
  editor    = {Chu-Ren Huang and
               Dan Jurafsky},
  title     = {COLING 2010, 23rd International Conference on Computational
               Linguistics, Proceedings of the Conference, 23-27 August
               2010, Beijing, China},
  booktitle = {COLING},
  publisher = {Tsinghua University Press},
  year      = {2010},
  ee        = {http://aclweb.org/anthology/C/C10/},
  bibsource = {DBLP, http://dblp.uni-trier.de}
}
