%%%%%%%%%%%%%%%%%%%%%%
%%%% Bibliography %%%%
%%%%%%%%%%%%%%%%%%%%%%
@article{Domingos-06,
  author    = {Matthew Richardson and Pedro Domingos},
  title     = {Markov logic networks},
  journal   = {Machine Learning},
  volume    = {62},
  number    = {1-2},
  year      = {2006},
  pages     = {107-136},
  ee        = {http://dx.doi.org/10.1007/s10994-006-5833-1},
  bibsource = {DBLP, http://dblp.uni-trier.de}
}
